@article{divaportal,
    author = {Elin Larses and Ida Hermansson},
    title = {Vindkraftverk – Hur vindkraftsprojektering påverkar
bostadsmarknaden},
    year = {2012},
}

@online{ugglansfysik,
    author = {ugglansfysik},
    title = {Vindkraft},
    url = {https://fysik.ugglansno.se/vindkraft/},
    date = {2023-03-14},
}

@online{elektrikern,
    author = {tidningenelektriken},
    title = {Vad kostar det att bygga ett vindkraftverk?},
    url = {https://tidningenelektrikern.se/2022/06/29/vad-kostar-det-att-bygga-ett-vindkraftverk/},
    date = {2023-03-30},
}

